<?xml version="1.0" encoding="UTF-8"?><record xmlns="http://www.loc.gov/MARC21/slim" xmlns:cinclude="http://apache.org/cocoon/include/1.0" xmlns:zs="http://www.loc.gov/zing/srw/">
  <leader>01295cz  a2200253n  4500</leader>
  <controlfield tag="001">n  79103833 </controlfield>
  <controlfield tag="003">DLC</controlfield>
  <controlfield tag="005">20160319075417.0</controlfield>
  <controlfield tag="008">800902n| azannaabn          |a aaa      </controlfield>
  <datafield tag="010" ind1=" " ind2=" ">
    <subfield code="a">n  79103833 </subfield>
  </datafield>
  <datafield tag="035" ind1=" " ind2=" ">
    <subfield code="a">(OCoLC)oca00335878</subfield>
  </datafield>
  <datafield tag="040" ind1=" " ind2=" ">
    <subfield code="a">DLC</subfield>
    <subfield code="b">eng</subfield>
    <subfield code="e">rda</subfield>
    <subfield code="c">DLC</subfield>
    <subfield code="d">DLC</subfield>
    <subfield code="d">NcU</subfield>
    <subfield code="d">DLC</subfield>
    <subfield code="d">NN</subfield>
  </datafield>
  <datafield tag="046" ind1=" " ind2=" ">
    <subfield code="f">1901</subfield>
    <subfield code="g">1991</subfield>
    <subfield code="2">edtf</subfield>
  </datafield>
  <datafield tag="100" ind1="1" ind2=" ">
    <subfield code="a">Johnson, Guy Benton,</subfield>
    <subfield code="d">1901-1991</subfield>
  </datafield>
  <datafield tag="370" ind1=" " ind2=" ">
    <subfield code="c">United States</subfield>
    <subfield code="2">naf</subfield>
  </datafield>
  <datafield tag="372" ind1=" " ind2=" ">
    <subfield code="a">Sociology</subfield>
    <subfield code="a">Anthropology</subfield>
    <subfield code="2">lcsh</subfield>
  </datafield>
  <datafield tag="373" ind1=" " ind2=" ">
    <subfield code="a">University of North Carolina at Chapel Hill</subfield>
    <subfield code="2">naf</subfield>
  </datafield>
  <datafield tag="374" ind1=" " ind2=" ">
    <subfield code="a">College teachers</subfield>
    <subfield code="a">Authors</subfield>
    <subfield code="2">lcsh</subfield>
  </datafield>
  <datafield tag="375" ind1=" " ind2=" ">
    <subfield code="a">male</subfield>
  </datafield>
  <datafield tag="377" ind1=" " ind2=" ">
    <subfield code="a">eng</subfield>
  </datafield>
  <datafield tag="400" ind1="1" ind2=" ">
    <subfield code="a">Johnson, Guy B.,</subfield>
    <subfield code="d">1901-1991</subfield>
  </datafield>
  <datafield tag="670" ind1=" " ind2=" ">
    <subfield code="a">UNC-CH Office of University Development WWW site, 06-13-02</subfield>
    <subfield code="b">(Guy Benton Johnson; b. Caddo Mills, Tex., 1901; member of UNC-CH faculty for 45 years; d. 1991)</subfield>
  </datafield>
  <datafield tag="670" ind1=" " ind2=" ">
    <subfield code="a">The Negro spiritual, a problem in anthropology, 1931:</subfield>
    <subfield code="b">t.p. (by Guy B. Johnson)</subfield>
  </datafield>
  <datafield tag="670" ind1=" " ind2=" ">
    <subfield code="a">Wikipedia, March 18, 2016:</subfield>
    <subfield code="b">Guy Benton Johnson (Guy B. Johnson (1901-1991) was an American sociologist and social anthropologist; a distinguished student of black culture in the rural South and a pioneer advocate of racial equality; Ph.D. from University of North Carolina at Chapel Hill, where he taught Sociology and Anthropology)</subfield>
    <subfield code="u">https://en.wikipedia.org/wiki/Guy_Benton_Johnson</subfield>
  </datafield>
</record>